@online{LDA,
	author = {Wikipedia},
	title = {LDA Model},
	url = {https://en.wikipedia.org/wiki/Latent_Dirichlet_allocation},
	urldate = {2020-07}
	% lda
},

@article{buana2012combination,
	title={Combination of k-nearest neighbor and k-means based on term re-weighting for classify Indonesian news},
	author={Buana, Putu Wira and Jannet, SDRM and Putra, IKGD and others},
	journal={International Journal of Computer Applications},
	volume={50},
	number={11},
	pages={37--42},
	year={2012},
	publisher={Citeseer}
},

@article{khan2019extractive,
	title={Extractive based Text Summarization Using K-Means and TF-IDF.},
	author={Khan, Rahim and Qian, Yurong and Naeem, Sajid},
	journal={International Journal of Information Engineering \& Electronic Business},
	volume={11},
	number={3},
	year={2019}
},

@INPROCEEDINGS{6066301,  author={D. {Zhang} and S. {Li}},  booktitle={2011 International Conference on Electronics, Communications and Control (ICECC)},   title={Topic detection based on K-means},   year={2011},  volume={},  number={},  pages={2983-2985},},

@article{philip2014application,
	title={Application of content-based approach in research paper recommendation system for a digital library},
	author={Philip, Simon and Shola, P and Ovye, A},
	journal={International Journal of Advanced Computer Science and Applications},
	volume={5},
	number={10},
	year={2014},
	publisher={Citeseer}
},

@inproceedings{feuerriegel2016analysis,
	title={Analysis of how underlying topics in financial news affect stock prices using latent dirichlet allocation},
	author={Feuerriegel, Stefan and Ratku, Antal and Neumann, Dirk},
	booktitle={2016 49th Hawaii International Conference on System Sciences (HICSS)},
	pages={1072--1081},
	year={2016},
	organization={IEEE}
},

@article{nguyen2015sentiment,
	title={Sentiment analysis on social media for stock movement prediction},
	author={Nguyen, Thien Hai and Shirai, Kiyoaki and Velcin, Julien},
	journal={Expert Systems with Applications},
	volume={42},
	number={24},
	pages={9603--9611},
	year={2015},
	publisher={Elsevier}
},

@article{beel2016paper,
	title={paper recommender systems: a literature survey},
	author={Beel, Joeran and Gipp, Bela and Langer, Stefan and Breitinger, Corinna},
	journal={International Journal on Digital Libraries},
	volume={17},
	number={4},
	pages={305--338},
	year={2016},
	publisher={Springer}
},

@inproceedings{xu2014pos,
	title={POS weighted TF-IDF algorithm and its application for an MOOC search engine},
	author={Xu, Ruilin},
	booktitle={2014 International Conference on Audio, Language and Image Processing},
	pages={868--873},
	year={2014},
	organization={IEEE}
},

@article{melnykov2014k,
	title={On K-means algorithm with the use of Mahalanobis distances},
	author={Melnykov, Igor and Melnykov, Volodymyr},
	journal={Statistics \& Probability Letters},
	volume={84},
	pages={88--95},
	year={2014},
	publisher={Elsevier}
},

@article{cerioli2005k,
	title={K-means cluster analysis and mahalanobis metrics: a problematic match or an overlooked opportunity},
	author={Cerioli, Andrea},
	journal={Statistica Applicata},
	volume={17},
	number={1},
	pages={61--73},
	year={2005}
},

@article{mitchell1985mahalanobis,
	title={The Mahalanobis distance and elliptic distributions},
	author={Mitchell, Ann FS and Krzanowski, Wojtek J},
	journal={Biometrika},
	volume={72},
	number={2},
	pages={464--467},
	year={1985},
	publisher={Oxford University Press}
},

@techreport{warren2011use,
	title={Use of Mahalanobis distance for detecting outliers and outlier clusters in markedly non-normal data: a vehicular traffic example},
	author={Warren, Rik and Smith, Robert F and Cybenko, Anne K},
	year={2011},
	institution={SRA INTERNATIONAL INC DAYTON OH}
},

@article{caldara2018measuring,
	title={Measuring geopolitical risk},
	author={Caldara, Dario and Iacoviello, Matteo},
	journal={FRB International Finance Discussion Paper},
	number={1222},
	year={2018}
},

@article{saunders1993stock,
	title={Stock prices and Wall Street weather},
	author={Saunders, Edward M},
	journal={The American Economic Review},
	volume={83},
	number={5},
	pages={1337--1345},
	year={1993},
	publisher={JSTOR}
},

@inproceedings{ariyo2014stock,
	title={Stock price prediction using the ARIMA model},
	author={Ariyo, Adebiyi A and Adewumi, Adewumi O and Ayo, Charles K},
	booktitle={2014 UKSim-AMSS 16th International Conference on Computer Modelling and Simulation},
	pages={106--112},
	year={2014},
	organization={IEEE}
},

@article{goldstein1992conflict,
	title={A conflict-cooperation scale for WEIS events data},
	author={Goldstein, Joshua S},
	journal={Journal of Conflict Resolution},
	volume={36},
	number={2},
	pages={369--385},
	year={1992},
	publisher={Sage Publications 2455 Teller Road, Newbury Park, CA 91320}
},

@book{memari2017predicting,
	title={Predicting the Stock Market Using News Sentiment Analysis},
	author={Memari, Majid},
	year={2017},
	publisher={Southern Illinois University at Carbondale}
},

@inproceedings{alamro2019predicting,
	title={Predicting Saudi Stock Market Index by Incorporating GDELT Using Multivariate Time Series Modelling},
	author={Alamro, Rawan and McCarren, Andrew and Al-Rasheed, Amal},
	booktitle={International Conference on Computing},
	pages={317--328},
	year={2019},
	organization={Springer}
},

@article{qiao2017predicting,
	title={Predicting social unrest events with hidden Markov models using GDELT},
	author={Qiao, Fengcai and Li, Pei and Zhang, Xin and Ding, Zhaoyun and Cheng, Jiajun and Wang, Hui},
	journal={Discrete Dynamics in Nature and Society},
	volume={2017},
	year={2017},
	publisher={Hindawi}
},

@article{yonamine2013predicting,
	title={Predicting future levels of violence in afghanistan districts using gdelt},
	author={Yonamine, James E},
	journal={Unpublished manuscript},
	year={2013}
},

@INPROCEEDINGS{7841090,  author={D. L. {Kimmey} and J. S. {Yoo}},  booktitle={2016 IEEE International Conference on Big Data (Big Data)},   title={Nowcasting with social media data},   year={2016},  volume={},  number={},  pages={4004-4004},},

@article{bollen2011twitter,
	title={Twitter mood predicts the stock market},
	author={Bollen, Johan and Mao, Huina and Zeng, Xiaojun},
	journal={Journal of computational science},
	volume={2},
	number={1},
	pages={1--8},
	year={2011},
	publisher={Elsevier}
},

@article{arias2014forecasting,
	title={Forecasting with twitter data},
	author={Arias, Marta and Arratia, Argimiro and Xuriguera, Ramon},
	journal={ACM Transactions on Intelligent Systems and Technology (TIST)},
	volume={5},
	number={1},
	pages={1--24},
	year={2014},
	publisher={ACM New York, NY, USA}
},

@article{cao2003support,
	title={Support vector machines experts for time series forecasting},
	author={Cao, Lijuan},
	journal={Neurocomputing},
	volume={51},
	pages={321--339},
	year={2003},
	publisher={Elsevier}
},

@article{egeli2003stock,
	title={Stock market prediction using artificial neural networks},
	author={Egeli, Birgul and others},
	journal={Decision Support Systems},
	volume={22},
	pages={171--185},
	year={2003},
	publisher={Citeseer}
}, 

@article{khaidem2016predicting,
	title={Predicting the direction of stock market prices using random forest},
	author={Khaidem, Luckyson and Saha, Snehanshu and Dey, Sudeepa Roy},
	journal={arXiv preprint arXiv:1605.00003},
	year={2016}
},

@article{khedr2017predicting,
	title={Predicting stock market behavior using data mining technique and news sentiment analysis},
	author={Khedr, Ayman E and Yaseen, Nagwa and others},
	journal={International Journal of Intelligent Systems and Applications},
	volume={9},
	number={7},
	pages={22},
	year={2017},
	publisher={Modern Education and Computer Science Press}
},

@phdthesis{fama1960efficient,
	title={Efficient market hypothesis},
	author={Fama, Eugene F},
	year={1960},
	school={Ph. D. dissertation, University of Chicago, Graduate School of Business}
},

@misc{sp,
	title = {S and P Annualised Returns},
	howpublished = {\url{https://www.macrotrends.net/2526/sp-500-historical-annual-returns}},
},

@article{malkiel2003efficient,
	title={The efficient market hypothesis and its critics},
	author={Malkiel, Burton G},
	journal={Journal of economic perspectives},
	volume={17},
	number={1},
	pages={59--82},
	year={2003}
},

@article{vattani2009hardness,
	title={The hardness of k-means clustering in the plane},
	author={Vattani, Andrea},
	journal={Manuscript, accessible at http://cseweb. ucsd. edu/avattani/papers/kmeans\_hardness. pdf},
	volume={617},
	year={2009}
},

@article{raykov2016k,
	title={What to do when k-means clustering fails: a simple yet principled alternative algorithm},
	author={Raykov, Yordan P and Boukouvalas, Alexis and Baig, Fahd and Little, Max A},
	journal={PloS one},
	volume={11},
	number={9},
	pages={e0162259},
	year={2016},
	publisher={Public Library of Science San Francisco, CA USA}
},

@article{maaten2008visualizing,
	title={Visualizing data using t-SNE},
	author={Maaten, Laurens van der and Hinton, Geoffrey},
	journal={Journal of machine learning research},
	volume={9},
	number={Nov},
	pages={2579--2605},
	year={2008}
},

@article{blei2003latent,
	title={Latent dirichlet allocation},
	author={Blei, David M and Ng, Andrew Y and Jordan, Michael I},
	journal={Journal of machine Learning research},
	volume={3},
	number={Jan},
	pages={993-1022},
	year={2003}
},

@misc{ldaalgorithm,
	title = {Algorithm for computing LDA},
	howpublished = {\url{https://medium.com/@jonathan_hui/machine-learning-latent-dirichlet-allocation-lda-1d9d148f13a4}}
},

@misc{ldapost,
	title = {Posterior Probability for computing LDA},
	howpublished = {\url{https://towardsdatascience.com/light-on-math-machine-learning-intuitive-guide-to-latent-dirichlet-allocation-437c81220158
	}}
},

@inproceedings{rehurek_lrec,
	title = {{Software Framework for Topic Modelling with Large Corpora}},
	author = {Radim {\v R}eh{\r u}{\v r}ek and Petr Sojka},
	booktitle = {{Proceedings of the LREC 2010 Workshop on New
	Challenges for NLP Frameworks}},
	pages = {45--50},
	year = 2010,
	month = May,
	day = 22,
	publisher = {ELRA},
	address = {Valletta, Malta},
	note={\url{http://is.muni.cz/publication/884893/en}},
	language={English}
},

@article{kullback1951information,
	title={On information and sufficiency},
	author={Kullback, Solomon and Leibler, Richard A},
	journal={The annals of mathematical statistics},
	volume={22},
	number={1},
	pages={79--86},
	year={1951},
	publisher={JSTOR}
}


